@article{exampleref,
  title={An Example Research Paper},
  author={Smith, John and Doe, Jane},
  journal={Journal of Important Research},
  volume={42},
  number={1},
  pages={123--145},
  year={2023},
  publisher={Academic Press}
}

@book{examplebook,
  title={Foundations of Research Methodology},
  author={Johnson, Alice},
  year={2022},
  publisher={University Press},
  address={Cambridge}
}
